% This file was created with Citavi 6.10.0.0

@misc{.13122021,
 year = {13/12/2021},
 title = {Saleae Cart},
 url = {https://eur.saleae.com/products/saleae-logic-8?variant=10963959349291},
 urldate = {13/12/2021}
}


@book{Wootton.2016,
 year = {2016},
 title = {Samsung ARTIK Reference},
 address = {Berkeley, CA},
 publisher = {Apress},
 isbn = {978-1-4842-2321-5},
 editor = {Wootton, Cliff},
 doi = {10.1007/978-1-4842-2322-2}
}


@article{Winter.2013,
 author = {Winter, Johannes and Dietrich, Kurt},
 year = {2013},
 title = {A hijacker's guide to communication interfaces of the trusted platform module},
 pages = {748--761},
 volume = {65},
 number = {5},
 issn = {08981221},
 journal = {Computers {\&} Mathematics with Applications},
 doi = {10.1016/j.camwa.2012.06.018}
}


@incollection{Turpe.2009,
 author = {T{\"u}rpe, Sven and Poller, Andreas and Steffan, Jan and Stotz, Jan-Peter and Trukenm{\"u}ller, Jan},
 title = {Attacking the BitLocker Boot Process},
 pages = {183--196},
 volume = {5471},
 publisher = {{Springer Berlin Heidelberg}},
 isbn = {978-3-642-00586-2},
 series = {Lecture Notes in Computer Science},
 editor = {Chen, Liqun and Mitchell, Chris J. and Martin, Andrew},
 booktitle = {Trusted Computing},
 year = {2009},
 address = {Berlin, Heidelberg},
 doi = {10.1007/978-3-642-00587-9{\textunderscore }12}
}


@misc{TrustedComputingGroup.30072020,
 abstract = {Trusted Platform Module (TPM) Trusted Computing Group (TPM). The Trusted Platform Module (TPM) Work Group has been chartered to create the TPM specification},
 author = {{Trusted Computing Group}},
 year = {30/07/2020},
 title = {Trusted Platform Module (TPM) | Trusted Computing Group (TPM)},
 url = {https://trustedcomputinggroup.org/work-groups/trusted-platform-module/},
 urldate = {13/12/2021}
}


@article{SibingerChristophANDMullerTilo.2014,
 abstract = {Festplattenvollverschl{\"u}sselung (engl. Full Disk Encryption (FDE)) stellt eine benutzerfreundliche und sichere Methode zum Schutz sensitiver Daten gegen physische Angriffe dar. W{\"a}hrend es f{\"u}r den US-amerikanischen Markt in den letzten Jahren eine Reihe von Studien zur Verwendung von FDE gegeben hat, betrachtet die vorliegende Arbeit den deutschen Markt. Neben der Verwendung von FDE auf Laptops werden Smartphones in Betracht gezogen, und zus{\"a}tzlich zum gesch{\"a}ftlichen Einsatz die private Nutzung untersucht. Zu diesem Zweck wurden Internet-gest{\"u}tzte Umfrageb{\"o}gen erstellt, in der die Teilnehmer zur eingesetzten Verschl{\"u}sselungstechnik und den jeweiligen Gr{\"u}nden befragt wurden, sowie Hintergrundwissen getestet wurde. Im Rahmen der Studie nahmen 1.034 Privatpersonen teil und 37 Unternehmen, wobei die H{\"a}lfte der befragten Unternehmen mindestens 1.000 Mitarbeiter besch{\"a}ftigt und ein Drittel mindestens 10.000 Mitarbeiter.},
 author = {{Sibinger, Christoph AND M{\"u}ller, Tilo}},
 year = {2014},
 title = {Verwendung von Festplattenvollverschl{\"u}sselung im gesch{\"a}ftlichen und privaten Umfeld: Sicherheit 2014 -- Sicherheit, Schutz und Zuverl{\"a}ssigkeit},
 keywords = {Festplattenverschl{\"u}sslung},
 urldate = {03.12.2021},
 pages = {201--216}
}


@book{Proudler.2014,
 abstract = {In this book the authors first describe the background of trusted platforms and trusted computing, and speculate about the future. They then describe the technical features and architectures of trusted platforms from several different perspectives, finally explaining second-generation TPMs, including a technical description intended to supplement the Trusted Computing Group's TPM2 specifications. The intended audience is IT managers and engineers, and graduate students in information security.},
 author = {Proudler, Graeme and {Chen Liqun} and {Dalton Chris}},
 year = {2014},
 title = {Trusted Computing Platforms: TPM2.0 in Context},
 url = {https://doi.org/10.1007/978-3-319-08744-3_3},
 publisher = {{Springer International Publishing}},
 isbn = {978-3-319-08744-3}
}


@article{Osborn.2013,
 abstract = {For more than a decade, commercial PC platforms have been shipping with a

standards-based embedded security subsystem on the motherboard known as

the Trusted Platform Module, or TPM. TPMs have been used in a wide variety

of applications, but some issues have hampered large-scale adoption. During the last

8 years, the Trusted Computing Group has been working on revising the specification to

increase its flexibility, manageability, and utility. This article presents TPM use cases and

explains the motivation for the major changes made to improve the TPM specification},
 author = {Osborn, Justin and Challener, David},
 year = {2013},
 title = {Trusted Platform Module Evolution},
 url = {https://www.jhuapl.edu/Content/techdigest/pdf/V32-N02/32-02-Osborn.pdf},
 urldate = {13.12.2021},
 volume = {32},
 number = {536}
}


@misc{MacronixInternationalCo.LTD..2010,
 author = {{Macronix International Co., LTD.}},
 year = {2010},
 title = {MX25L6406E Datasheet},
 url = {https://media.digikey.com/pdf/Data%20Sheets/Macronix/MX25L6406E.pdf},
 urldate = {02.12.2021},
 number = {PM1577}
}


@phdthesis{GuruprasadBidare.2017,
 author = {{Guruprasad Bidare}},
 year = {2017},
 title = {BitLocker Full Disk Encryption},
 url = {https://is.muni.cz/th/ghxkp/MSThesis_459196_Archive.pdf},
 address = {Bangalore},
 urldate = {06.12.2021},
 school = {{Masaryk University}},
 type = {Master}
}


@misc{GitHub.14122021,
 abstract = {Tools for decoding TPM SPI transaction and extracting the BitLocker key from them. - FSecureLABS/bitlocker-spi-toolkit: Tools for decoding TPM SPI transaction and extracting the BitLocker key from them.},
 author = {GitHub},
 year = {14/12/2021},
 title = {FSecureLABS/bitlocker-spi-toolkit: Tools for decoding TPM SPI transaction and extracting the BitLocker key from them},
 urldate = {14/12/2021}
}


@misc{GitHub.14122021b,
 abstract = {FUSE driver to read/write Windows' BitLocker-ed volumes under Linux / Mac OSX - Aorimn/dislocker: FUSE driver to read/write Windows' BitLocker-ed volumes under Linux / Mac OSX},
 author = {GitHub},
 year = {14/12/2021},
 title = {Aorimn/dislocker: FUSE driver to read/write Windows' BitLocker-ed volumes under Linux / Mac OSX},
 url = {https://github.com/Aorimn/dislocker},
 urldate = {14/12/2021}
}


@misc{GIGABYTETECHNOLOGYCO.LTD.,
 author = {{GIGA-BYTE TECHNOLOGY CO., LTD}},
 title = {B460M DS3H AC B460M DS3H UserÂ´s Manual},
 url = {https://download.gigabyte.com/FileList/Manual/mb_manual_b460m-ds3h_e_1003.pdf},
 urldate = {28.11.2021},
 number = {1003}
}


@misc{FSecureLabs.03122021,
 author = {{F-Secure Labs}},
 year = {03/12/2021},
 title = {Sniff, there leaks my BitLocker key},
 urldate = {13/12/2021}
}


@misc{Dansimp.13122021,
 abstract = {Windows uses technologies including TPM, Secure Boot, Trusted Boot, and Early Launch Antimalware (ELAM) to protect against attacks on the BitLocker encryption key.},
 author = {Dansimp},
 year = {13/12/2021},
 title = {BitLocker Countermeasures (Windows 10) - Windows security},
 url = {https://docs.microsoft.com/en-us/windows/security/information-protection/bitlocker/bitlocker-countermeasures#attacker-countermeasures},
 urldate = {13/12/2021}
}


@misc{Dansimp.13122021b,
 abstract = {Dieses Thema enth{\"a}lt eine grobe {\"U}bersicht {\"u}ber BitLocker, einschlie{\ss}lich einer Liste der Systemanforderungen, praktischer Anwendungen und veralteter Features.},
 author = {Dansimp},
 year = {13/12/2021},
 title = {BitLocker (Windows 10) - Windows security},
 url = {https://docs.microsoft.com/de-de/windows/security/information-protection/bitlocker/bitlocker-overview},
 urldate = {13/12/2021}
}


@book{Chen.2009,
 year = {2009},
 title = {Trusted Computing},
 address = {Berlin, Heidelberg},
 volume = {5471},
 publisher = {{Springer Berlin Heidelberg}},
 isbn = {978-3-642-00586-2},
 series = {Lecture Notes in Computer Science},
 editor = {Chen, Liqun and Mitchell, Chris J. and Martin, Andrew},
 doi = {10.1007/978-3-642-00587-9}
}


@misc{BundesamtfurSicherheitinderInformationstechnik.28092021,
 author = {{Bundesamt f{\"u}r Sicherheit in der Informationstechnik}},
 year = {28/09/2021},
 title = {Basisschutz f{\"u}r Computer},
 url = {https://www.bsi.bund.de/DE/Themen/Verbraucherinnen-und-Verbraucher/Informationen-und-Empfehlungen/Cyber-Sicherheitsempfehlungen/Basisschutz-fuer-Computer-Mobilgeraete/Basisschutz-fuer-Computer/basisschutz-fuer-computer_node.html},
 urldate = {13/12/2021}
}


@incollection{Wootton.2016b,
 author = {Wootton, Cliff},
 title = {Serial Peripheral Interface (SPI)},
 pages = {335--349},
 publisher = {Apress},
 isbn = {978-1-4842-2321-5},
 editor = {Wootton, Cliff},
 booktitle = {Samsung ARTIK Reference},
 year = {2016},
 address = {Berkeley, CA},
 doi = {10.1007/978-1-4842-2322-2{\textunderscore }21}
}


@article{YuJianji.,
 author = {{Yu Jianji} and Khuu, Jeffrey},
 title = {The Trusted Computing (TC) and Next Generation Secured Computing Base (NGSCB)},
 url = {http://www.cs.sjsu.edu/faculty/stamp/CS158B/syllabus/papers/NGSCB.pdf},
 urldate = {13.12.2021}
}

